% 每组里面首先按年份排序，然后按姓氏字母顺序
% A
@article{adler69,
  title = {Axial-Vector Vertex in Spinor Electrodynamics},
  author = {Adler, Stephen L.},
  journal = {Phys. Rev.},
  volume = {177},
  issue = {5},
  pages = {2426--2438},
  numpages = {0},
  year = {1969},
  month = {Jan},
  publisher = {American Physical Society},
  doi = {10.1103/PhysRev.177.2426},
  url = {http://link.aps.org/doi/10.1103/PhysRev.177.2426}
}
@article{asztalos01,
  title = {Large-scale microwave cavity search for dark-matter axions},
  author = {Asztalos, S. and Daw, E. and Peng, H. and Rosenberg, L. J and Hagmann, C. and Kinion, D. and Stoeffl, W. and van Bibber, K. and Sikivie, P. and Sullivan, N. S. and Tanner, D. B. and Nezrick, F. and Turner, M. S. and Moltz, D. M. and Powell, J. and Andr\'e, M.-O. and Clarke, J. and M\"uck, M. and Bradley, Richard F.},
  journal = {Phys. Rev. D},
  volume = {64},
  issue = {9},
  pages = {092003},
  numpages = {28},
  year = {2001},
  month = {Oct},
  publisher = {American Physical Society},
  doi = {10.1103/PhysRevD.64.092003},
  url = {http://link.aps.org/doi/10.1103/PhysRevD.64.092003}
}
% =========================================================
% B
@article{bell69,
  title={A {PCAC} puzzle: $\pi$^0→ $\gamma$$\gamma$ in the $\sigma$-model},
  author={Bell, John S and Jackiw, Roman},
  journal={Il Nuovo Cimento A},
  volume={60},
  number={1},
  pages={47--61},
  year={1969},
  publisher={Springer}
}
@article{bradley03,
  title = {Microwave cavity searches for dark-matter axions},
  author = {Bradley, Richard and Clarke, John and Kinion, Darin and Rosenberg, Leslie J and van Bibber, Karl and Matsuki, Seishi and M\"uck, Michael and Sikivie, Pierre},
  journal = {Rev. Mod. Phys.},
  volume = {75},
  issue = {3},
  pages = {777--817},
  numpages = {0},
  year = {2003},
  month = {Jun},
  publisher = {American Physical Society},
  doi = {10.1103/RevModPhys.75.777},
  url = {http://link.aps.org/doi/10.1103/RevModPhys.75.777}
}
@article{baker06,
  title = {Improved Experimental Limit on the Electric Dipole Moment of the Neutron},
  author = {Baker, C. A. and Doyle, D. D. and Geltenbort, P. and Green, K. and van der Grinten, M. G. D. and Harris, P. G. and Iaydjiev, P. and Ivanov, S. N. and May, D. J. R. and Pendlebury, J. M. and Richardson, J. D. and Shiers, D. and Smith, K. F.},
  journal = {Phys. Rev. Lett.},
  volume = {97},
  issue = {13},
  pages = {131801},
  numpages = {4},
  year = {2006},
  month = {Sep},
  publisher = {American Physical Society},
  doi = {10.1103/PhysRevLett.97.131801},
  url = {http://link.aps.org/doi/10.1103/PhysRevLett.97.131801}
}
% =========================================================
% C
% =========================================================
% D
@article{dine81,
title = "A simple solution to the strong {CP} problem with a harmless axion ",
journal = "Physics Letters B ",
volume = "104",
number = "3",
pages = "199 - 202",
year = "1981",
note = "",
issn = "0370-2693",
doi = "http://dx.doi.org/10.1016/0370-2693(81)90590-6",
url = "http://www.sciencedirect.com/science/article/pii/0370269381905906",
author = "Michael Dine and Willy Fischler and Mark Srednicki"
}
@article{depanfilis87,
  title = {Limits on the abundance and coupling of cosmic axions at 4.5&lt;ma&lt;5.0 $\mu${}eV},
  author = {DePanfilis, S. and Melissinos, A. C. and Moskowitz, B. E. and Rogers, J. T. and Semertzidis, Y. K. and Wuensch, W. U. and Halama, H. J. and Prodell, A. G. and Fowler, W. B. and Nezrick, F. A.},
  journal = {Phys. Rev. Lett.},
  volume = {59},
  issue = {7},
  pages = {839--842},
  numpages = {0},
  year = {1987},
  month = {Aug},
  publisher = {American Physical Society},
  doi = {10.1103/PhysRevLett.59.839},
  url = {http://link.aps.org/doi/10.1103/PhysRevLett.59.839}
}
% =========================================================
% E
@article{eichler86,
title = "Limits for short-lived neutral particles emitted in $\mu +$ or $\pi +$ decay ",
journal = "Physics Letters B ",
volume = "175",
number = "1",
pages = "101 - 104",
year = "1986",
note = "",
issn = "0370-2693",
doi = "http://dx.doi.org/10.1016/0370-2693(86)90339-4",
url = "http://www.sciencedirect.com/science/article/pii/0370269386903394",
author = "R. Eichler and L. Felawka and N. Kraus and C. Niebuhr and H.K. Walter and S. Egli and R. Engfer and Ch. Grab and E.A. Hermes and H.S. Pruys and A. van der Schaaf and D. Vermeulen and W. Bertl and N. Lordong and U. Bellgardt and G. Otter and T. Kozlowski and J. Martino"
}
% =========================================================
% F
% =========================================================
% G
% =========================================================
% H
@article{hagmann90,
  title = {Results from a search for cosmic axions},
  author = {Hagmann, C. and Sikivie, P. and Sullivan, N. S. and Tanner, D. B.},
  journal = {Phys. Rev. D},
  volume = {42},
  issue = {4},
  pages = {1297--1300},
  numpages = {0},
  year = {1990},
  month = {Aug},
  publisher = {American Physical Society},
  doi = {10.1103/PhysRevD.42.1297},
  url = {http://link.aps.org/doi/10.1103/PhysRevD.42.1297}
}
@article{hanany00,
  title={MAXIMA-1: a measurement of the cosmic microwave background anisotropy on angular scales of 10'-5},
  author={Hanany, Shaul and Ade, P and Balbi, A and Bock, J and Borrill, J and Boscaleri, A and De Bernardis, P and Ferreira, PG and Hristov, VV and Jaffe, AH and others},
  journal={The Astrophysical Journal Letters},
  volume={545},
  number={1},
  pages={L5},
  year={2000},
  publisher={IOP Publishing}%，
  %doi = {10.1086/317322},
  %url = {http://iopscience.iop.org/1538-4357/545/1/L5}
}
% =========================================================
% I
% =========================================================
% J
% =========================================================
% K
@article{kim79,
  title = {Weak-Interaction Singlet and Strong {CP} Invariance},
  author = {Kim, Jihn E.},
  journal = {Phys. Rev. Lett.},
  volume = {43},
  issue = {2},
  pages = {103--107},
  numpages = {0},
  year = {1979},
  month = {Jul},
  publisher = {American Physical Society},
  doi = {10.1103/PhysRevLett.43.103},
  url = {http://link.aps.org/doi/10.1103/PhysRevLett.43.103}
}
@article{kim10,
  title = {Axions and the strong {CP} problem},
  author = {Kim, Jihn E. and Carosi, Gianpaolo},
  journal = {Rev. Mod. Phys.},
  volume = {82},
  issue = {1},
  pages = {557--601},
  numpages = {0},
  year = {2010},
  month = {Mar},
  publisher = {American Physical Society},
  doi = {10.1103/RevModPhys.82.557},
  url = {http://link.aps.org/doi/10.1103/RevModPhys.82.557}
}
% =========================================================
% L
% =========================================================
% M
% =========================================================
% N
% =========================================================
% O
% =========================================================
% P
@article{peccei77a,
  title = {{CP} Conservation in the Presence of Pseudoparticles },
  author = {Peccei, R. D. and Quinn, Helen R.},
  journal = {Phys. Rev. Lett.},
  volume = {38},
  issue = {25},
  pages = {1440--1443},
  numpages = {0},
  year = {1977},
  month = {Jun},
  publisher = {American Physical Society},
  doi = {10.1103/PhysRevLett.38.1440},
  url = {http://link.aps.org/doi/10.1103/PhysRevLett.38.1440}
}
@article{peccei77b,
  title = {Constraints imposed by {CP} conservation in the presence of pseudoparticles},
  author = {Peccei, R. D. and Quinn, Helen R.},
  journal = {Phys. Rev. D},
  volume = {16},
  issue = {6},
  pages = {1791--1797},
  numpages = {0},
  year = {1977},
  month = {Sep},
  publisher = {American Physical Society},
  doi = {10.1103/PhysRevD.16.1791},
  url = {http://link.aps.org/doi/10.1103/PhysRevD.16.1791}
}
@article{pdg98,
year={1998},
issn={1434-6044},
journal={The European Physical Journal C - Particles and Fields},
volume={3},
number={1-4},
doi={10.1007/s10052-998-0104-x},
title={Review of Particle Physics},
url={http://dx.doi.org/10.1007/s10052-998-0104-x},
publisher={Springer-Verlag},
pages={1-783}
}
@article{perlmutter99,
  title={Measurements of $\Omega$ and $\Lambda$ from 42 high-redshift supernovae},
  author={Perlmutter, Saul and Aldering, G and Goldhaber, G and Knop, RA and Nugent, P and Castro, PG and Deustua, S and Fabbro, S and Goobar, A and Groom, DE and others},
  journal={The Astrophysical Journal},
  volume={517},
  number={2},
  pages={565},
  year={1999},
  publisher={IOP Publishing}
}
% =========================================================
% Q
% =========================================================
% R
@article{raffelt87,
  title = {Bounds on hadronic axions from stellar evolution},
  author = {Raffelt, Georg G. and Dearborn, David S. P.},
  journal = {Phys. Rev. D},
  volume = {36},
  issue = {8},
  pages = {2211--2225},
  numpages = {0},
  year = {1987},
  month = {Oct},
  publisher = {American Physical Society},
  doi = {10.1103/PhysRevD.36.2211},
  url = {http://link.aps.org/doi/10.1103/PhysRevD.36.2211}
}
% =========================================================
% S
@article{shifman80,
title = "Can confinement ensure natural {CP} invariance of strong interactions? ",
journal = "Nuclear Physics B ",
volume = "166",
number = "3",
pages = "493 - 506",
year = "1980",
note = "",
issn = "0550-3213",
doi = "http://dx.doi.org/10.1016/0550-3213(80)90209-6",
url = "http://www.sciencedirect.com/science/article/pii/0550321380902096",
author = "M.A. Shifman and A.I. Vainshtein and V.I. Zakharov"
}
@article{schramm98,
  title = {Big-bang nucleosynthesis enters the precision era},
  author = {Schramm, David N. and Turner, Michael S.},
  journal = {Rev. Mod. Phys.},
  volume = {70},
  issue = {1},
  pages = {303--318},
  numpages = {0},
  year = {1998},
  month = {Jan},
  publisher = {American Physical Society},
  doi = {10.1103/RevModPhys.70.303},
  url = {http://link.aps.org/doi/10.1103/RevModPhys.70.303}
}
@article{sikivie83a,
  title = {Experimental Tests of the "Invisible" Axion},
  author = {Sikivie, P.},
  journal = {Phys. Rev. Lett.},
  volume = {51},
  issue = {16},
  pages = {1415--1417},
  numpages = {0},
  year = {1983},
  month = {Oct},
  publisher = {American Physical Society},
  doi = {10.1103/PhysRevLett.51.1415},
  url = {http://link.aps.org/doi/10.1103/PhysRevLett.51.1415}
}
@article{sikivie85,
  title = {Detection rates for ``invisible''-axion searches},
  author = {Sikivie, P.},
  journal = {Phys. Rev. D},
  volume = {32},
  issue = {11},
  pages = {2988--2991},
  numpages = {0},
  year = {1985},
  month = {Dec},
  publisher = {American Physical Society},
  doi = {10.1103/PhysRevD.32.2988},
  url = {http://link.aps.org/doi/10.1103/PhysRevD.32.2988}
}
@article{sikivie12,
  title = {Cosmic axion thermalization},
  author = {Erken, O. and Sikivie, P. and Tam, H. and Yang, Q.},
  journal = {Phys. Rev. D},
  volume = {85},
  issue = {6},
  pages = {063520},
  numpages = {22},
  year = {2012},
  month = {Mar},
  publisher = {American Physical Society},
  doi = {10.1103/PhysRevD.85.063520},
  url = {http://link.aps.org/doi/10.1103/PhysRevD.85.063520}
}
% =========================================================
% T
@article{tada06,
title = "Single-photon detection of microwave blackbody radiations in a low-temperature resonant-cavity with high Rydberg atoms ",
journal = "Physics Letters A ",
volume = "349",
number = "6",
pages = "488 - 493",
year = "2006",
note = "",
issn = "0375-9601",
doi = "http://dx.doi.org/10.1016/j.physleta.2005.09.066",
url = "http://www.sciencedirect.com/science/article/pii/S0375960105015343",
author = "M. Tada and Y. Kishimoto and K. Kominato and M. Shibata and S. Yamada and T. Haseyama and I. Ogawa and H. Funahashi and K. Yamamoto and S. Matsuki",
keywords = "Rydberg atom",
keywords = "Blackbody radiation",
keywords = "Single-photon detection "
}
% =========================================================
% U
% =========================================================
% V
@article{vefa84,
  title = {Parity Conservation in Quantum Chromodynamics},
  author = {Vafa, Cumrun and Witten, Edward},
  journal = {Phys. Rev. Lett.},
  volume = {53},
  issue = {6},
  pages = {535--536},
  numpages = {0},
  year = {1984},
  month = {Aug},
  publisher = {American Physical Society},
  doi = {10.1103/PhysRevLett.53.535},
  url = {http://link.aps.org/doi/10.1103/PhysRevLett.53.535}
}
% =========================================================
% W
@article{weinberg78,
  title = {A New Light Boson?},
  author = {Weinberg, Steven},
  journal = {Phys. Rev. Lett.},
  volume = {40},
  issue = {4},
  pages = {223--226},
  numpages = {0},
  year = {1978},
  month = {Jan},
  publisher = {American Physical Society},
  doi = {10.1103/PhysRevLett.40.223},
  url = {http://link.aps.org/doi/10.1103/PhysRevLett.40.223}
}
@article{wilczek78,
  title = {Problem of Strong {P} and {T} Invariance in the Presence of Instantons},
  author = {Wilczek, F.},
  journal = {Phys. Rev. Lett.},
  volume = {40},
  issue = {5},
  pages = {279--282},
  numpages = {0},
  year = {1978},
  month = {Jan},
  publisher = {American Physical Society},
  doi = {10.1103/PhysRevLett.40.279},
  url = {http://link.aps.org/doi/10.1103/PhysRevLett.40.279}
}
% =========================================================
% X
% =========================================================
% Y
% =========================================================
% Z
@article{zhitnitsky80,
  title={On Possible Suppression of the Axion Hadron Interactions},
  author={Zhitnitsky, A.R.},
  journal={Sov.J.Nucl.Phys.},
  volume={31},
  pages={260},
  year={1980}
}
